<?xml version="1.0" encoding="UTF-8"?><collection xmlns="http://www.loc.gov/MARC21/slim"><record><leader>00399nam--2200157-i-4500</leader><controlfield tag="001">000020418</controlfield><controlfield tag="002">20161230</controlfield><controlfield tag="005">20170216155723</controlfield><controlfield tag="008">060222s1000------------r-----000-0-rum-d</controlfield><datafield ind1=" " ind2=" " tag="040"><subfield code="a">IFIN-HH</subfield></datafield><datafield ind1=" " ind2=" " tag="080"><subfield code="a">514.7</subfield></datafield><datafield ind1=" " ind2=" " tag="100"><subfield code="a">Dobrescu, Andrei</subfield></datafield><datafield ind1=" " ind2=" " tag="245"><subfield code="a">Geometrie diferentiala</subfield></datafield><datafield ind1=" " ind2=" " tag="260"><subfield code="a">Bucuresti, Edit.Didactica si Pedag., 1963. 427 P</subfield></datafield><datafield ind1=" " ind2=" " tag="852"><subfield code="a">9442</subfield><subfield code="c">513.73</subfield></datafield><datafield ind1=" " ind2=" " tag="CAT"><subfield code="a">SYS</subfield><subfield code="c">20170216</subfield><subfield code="h">155723</subfield></datafield></record></collection>